
@book{Ciaburro2018,
  title = {Regression {{Analysis}} with {{R}}},
  shorttitle = {Regression {{Analysis}} with {{R}}},
  author = {Ciaburro, Giuseppe},
  year = {2018},
  publisher = {{Packt Publishing}},
  address = {{Birmingham}},
  googlebooks = {nyZKDwAAQBAJ},
  isbn = {978-1-78862-270-7},
  langid = {english},
  keywords = {Computers / Computer Architecture,Computers / Data Science / Data Modeling \& Design,Computers / Data Science / Data Visualization,Computers / Data Science / General,Computers / Database Administration \& Management}
}

@book{Hedderich2016,
  title = {{Angewandte Statistik: Methodensammlung mit R}},
  author = {Hedderich, J{\"u}rgen and Sachs, Lothar},
  year = {2016},
  publisher = {{Springer}},
  address = {{Heidelberg}},
  doi = {10.1007/978-3-662-45691-0},
  isbn = {978-3-662-45690-3 978-3-662-45691-0},
  langid = {german},
  file = {/home/martin/Zotero/storage/ZFMWZH8Q/Hedderich and Sachs - 2016 - Angewandte Statistik.pdf}
}

@book{Jejeebhoy1995,
  title = {Women's {{Education}}, {{Autonomy}}, and {{Reproductive Behaviour}}: {{Experience}} from {{Developing Countries}}},
  shorttitle = {Women's {{Education}}, {{Autonomy}}, and {{Reproductive Behaviour}}},
  author = {Jejeebhoy, Shireen J.},
  year = {1995},
  series = {International {{Studies}} in {{Demography}}},
  publisher = {{Oxford University Press}},
  address = {{Oxford, New York}},
  isbn = {978-0-19-829033-9},
  file = {/home/martin/Zotero/storage/IBVE3NIY/womens-education-autonomy-and-reproductive-behaviour-9780198290339.html}
}

@article{Keller2018,
  title = {The {{Economic Effects}} of {{Girls}}' and {{Young Women}}'s {{Education}} in {{Development}}},
  author = {Keller, Katarina R. I.},
  year = {2018},
  journal = {SSRN},
  doi = {10.2139/ssrn.3308635},
  langid = {english},
  keywords = {economic development,economic growth,education,female,gender,girls,women},
  file = {/home/martin/Zotero/storage/NK4HPJ5V/Keller - 2018 - The Economic Effects of Girls’ and Young Women’s E.pdf;/home/martin/Zotero/storage/NMLSZS8A/papers.html}
}

@book{Pardoe2020,
  title = {Applied {{Regression Modeling}}},
  author = {Pardoe, Iain},
  year = {2020},
  publisher = {{John Wiley \& Sons}},
  googlebooks = {hToLEAAAQBAJ},
  isbn = {978-1-119-61590-3},
  langid = {english},
  keywords = {Business \& Economics / Econometrics,Business \& Economics / Statistics,Mathematics / Probability \& Statistics / Regression Analysis,Mathematics / Probability \& Statistics / Stochastic Processes}
}

@article{Sagalova2021,
  title = {Long-Term Consequences of Early Marriage and Maternity in {{West}} and {{Central Africa}}: {{Wealth}}, Education, and Fertility},
  shorttitle = {Long-Term Consequences of Early Marriage and Maternity in {{West}} and {{Central Africa}}},
  author = {Sagalova, Vera and Nanama, Sim{\'e}on and Zagre, Noel Marie and Vollmer, Sebastian},
  year = {2021},
  journal = {Journal of Global Health},
  volume = {11},
  issn = {2047-2978},
  doi = {10.7189/jogh.11.13004},
  pmcid = {PMC8397277},
  pmid = {34484711},
  file = {/home/martin/Zotero/storage/54KCHPJ5/Sagalova et al. - Long-term consequences of early marriage and mater.pdf}
}

@article{Samari2019,
  title = {Education and Fertility in {{Egypt}}: {{Mediation}} by Women's Empowerment},
  shorttitle = {Education and Fertility in {{Egypt}}},
  author = {Samari, Goleen},
  year = {2019},
  journal = {SSM - Population Health},
  volume = {9},
  doi = {10.1016/j.ssmph.2019.100488},
  langid = {english},
  file = {/home/martin/Zotero/storage/8EPFTUHM/Education and fertility in Egypt Mediation by wom.pdf;/home/martin/Zotero/storage/WGTGPETG/S2352827318302313.html}
}

@book{Wolf2010,
  title = {{Handbuch der sozialwissenschaftlichen Datenanalyse}},
  editor = {Wolf, Christof and Best, Henning},
  year = {2010},
  publisher = {{VS Verlag f\"ur Sozialwissenschaften}},
  address = {{Wiesbaden}},
  isbn = {978-3-531-16339-0},
  langid = {german},
  lccn = {HA29.5.G4 H36 2010},
  keywords = {Databases Handbooks; manuals; etc,Handbooks; manuals; etc,Social sciences,Statistical methods},
  file = {/home/martin/Zotero/storage/FK3DLDJC/Wolf and Best - 2010 - Handbuch der sozialwissenschaftlichen Datenanalyse.pdf}
}


